@article{review,
  title={A review of classification algorithms for EEG-based brain--computer interfaces},
  author={Lotte, Fabien and Congedo, Marco and L{\'e}cuyer, Anatole and Lamarche, Fabrice and Arnaldi, Bruno},
  journal={Journal of neural engineering},
  volume={4},
  number={2},
  pages={R1},
  year={2007},
  publisher={IOP Publishing}
}

@article{delorme,
	title = {Enhanced detection of artifacts in EEG data using higher-order statistics and independent component analysis},
	journal = {NeuroImage},
	volume = {34},
	number = {4},
	pages = {1443 - 1449},
	year = {2007}
}

@article{eeglab,
  title={Interaction of top-down and bottom-up processing in the fast visual analysis of natural scenes},
  author={Delorme, Arnaud and Rousselet, Guillaume A and Mac{\'e}, Marc J-M and Fabre-Thorpe, Michele},
  journal={Cognitive Brain Research},
  volume={19},
  number={2},
  pages={103--113},
  year={2004},
  publisher={Elsevier}
}

@article{mitchell,
  title={Predicting human brain activity associated with the meanings of nouns},
  author={Mitchell, Tom M and Shinkareva, Svetlana V and Carlson, Andrew and Chang, Kai-Min and Malave, Vicente L and Mason, Robert A and Just, Marcel Adam},
  journal={science},
  volume={320},
  number={5880},
  pages={1191--1195},
  year={2008},
  publisher={American Association for the Advancement of Science}
}

@article{Stewart20141,
	title = "Single-trial classification of \{EEG\} in a visual object task using \{ICA\} and machine learning ",
	journal = "Journal of Neuroscience Methods ",
	volume = "228",
	number = "",
	pages = "1 - 14",
	year = "2014",
	note = "",
	issn = "0165-0270",
	doi = "http://dx.doi.org/10.1016/j.jneumeth.2014.02.014",
	url = "http://www.sciencedirect.com/science/article/pii/S0165027014000752",
	author = "Andrew X. Stewart and Antje Nuthmann and Guido Sanguinetti",
	keywords = "EEG",
	keywords = "ICA",
	keywords = "Classification",
	keywords = "SVM",
	keywords = "Single-trial "
}

@article{luck2005,
	title={An Introduction to the Event-Related Potential Technique},
	author={Stephen J. Luck},
	journal="MIT Press",
	year="2005"
}



@article{Onton2006808,
	title = "Imaging human EEG dynamics using independent component analysis ",
	journal = "Neuroscience and Biobehavioral Reviews ",
	volume = "30",
	number = "6",
	pages = "808 - 822",
	year = "2006",
	note = "Methodological and Conceptual Advances in the Study of Brain-Behavior Dynamics: A Multivariate Lifespan Perspective ",
	issn = "0149-7634",
	doi = "http://dx.doi.org/10.1016/j.neubiorev.2006.06.007",
	url = "http://www.sciencedirect.com/science/article/pii/S0149763406000509",
	author = "Julie Onton and Marissa Westerfield and Jeanne Townsend and Scott Makeig",
	keywords = "EEG",
	keywords = "ERP",
	keywords = "ICA",
	keywords = "Independent component analysis",
	keywords = "P300",
	keywords = "P3",
	keywords = "Aging",
	keywords = "Mu",
	keywords = "Review "
}







