@article{review,
  title={A review of classification algorithms for EEG-based brain--computer interfaces},
  author={Lotte, Fabien and Congedo, Marco and L{\'e}cuyer, Anatole and Lamarche, Fabrice and Arnaldi, Bruno},
  journal={Journal of neural engineering},
  volume={4},
  number={2},
  pages={R1},
  year={2007},
  publisher={IOP Publishing}
}

@article{eeglab,
  title={Interaction of top-down and bottom-up processing in the fast visual analysis of natural scenes},
  author={Delorme, Arnaud and Rousselet, Guillaume A and Mac{\'e}, Marc J-M and Fabre-Thorpe, Michele},
  journal={Cognitive Brain Research},
  volume={19},
  number={2},
  pages={103--113},
  year={2004},
  publisher={Elsevier}
}

@article{mitchell,
  title={Predicting human brain activity associated with the meanings of nouns},
  author={Mitchell, Tom M and Shinkareva, Svetlana V and Carlson, Andrew and Chang, Kai-Min and Malave, Vicente L and Mason, Robert A and Just, Marcel Adam},
  journal={science},
  volume={320},
  number={5880},
  pages={1191--1195},
  year={2008},
  publisher={American Association for the Advancement of Science}
}

